<record><leader>00000cas a22000007a 4500</leader><controlfield tag="001">34483035</controlfield><controlfield tag="008">960328d19881990cauwr ne      0    0eng d</controlfield><datafield ind1=" " ind2=" " tag="010"><subfield code="a">sn 96061852 </subfield></datafield><datafield ind1=" " ind2=" " tag="040"><subfield code="a">CUY</subfield><subfield code="b">eng</subfield><subfield code="c">CNK</subfield><subfield code="d">OCLCQ</subfield><subfield code="d">UKMGB</subfield><subfield code="d">OCLCQ</subfield><subfield code="d">OCLCF</subfield><subfield code="d">OCLCO</subfield></datafield><datafield ind1="7" ind2=" " tag="016"><subfield code="a">010476455</subfield><subfield code="2">Uk</subfield></datafield><datafield ind1="1" ind2=" " tag="029"><subfield code="a">AU@</subfield><subfield code="b">000025930058</subfield></datafield><datafield ind1="1" ind2=" " tag="029"><subfield code="a">UNITY</subfield><subfield code="b">015545989</subfield></datafield><datafield ind1="1" ind2=" " tag="029"><subfield code="a">NOK</subfield><subfield code="b">1871651050</subfield></datafield><datafield ind1=" " ind2=" " tag="042"><subfield code="a">msc</subfield></datafield><datafield ind1=" " ind2=" " tag="043"><subfield code="a">n-us-ca</subfield></datafield><datafield ind1="0" ind2="0" tag="245"><subfield code="a">Beacon-gazette.</subfield></datafield><datafield ind1=" " ind2=" " tag="260"><subfield code="a">Bethel Island, Calif. :</subfield><subfield code="b">Roberts Publications</subfield></datafield><datafield ind1=" " ind2=" " tag="300"><subfield code="a">v.</subfield></datafield><datafield ind1=" " ind2=" " tag="310"><subfield code="a">Weekly</subfield></datafield><datafield ind1="0" ind2=" " tag="362"><subfield code="a">Vol. 1, no. 1 (Apr. 13, 1988)-v. 2, no. 41 (Jan. 17, 1990) = issue 1-issue 93.</subfield></datafield><datafield ind1=" " ind2=" " tag="500"><subfield code="a">"Roberts Publications celebrates its third anniversary by merging all three of its local publications [Oakley Gazette, Bethel Island Beacon, Delta Beacon] into one new paper"--Apr. 13, 1988.</subfield></datafield><datafield ind1=" " ind2="0" tag="651"><subfield code="a">Delta Region (Calif.)</subfield><subfield code="v">Newspapers.</subfield></datafield><datafield ind1=" " ind2="7" tag="655"><subfield code="a">Newspapers.</subfield><subfield code="2">fast</subfield><subfield code="0">(OCoLC)fst01423814</subfield></datafield><datafield ind1=" " ind2="7" tag="651"><subfield code="a">California</subfield><subfield code="z">Delta Region.</subfield><subfield code="2">fast</subfield><subfield code="0">(OCoLC)fst01242791</subfield></datafield><datafield ind1=" " ind2=" " tag="752"><subfield code="a">United States</subfield><subfield code="b">California</subfield><subfield code="c">Contra Costa</subfield><subfield code="d">Bethel Island.</subfield></datafield><datafield ind1="0" ind2="0" tag="785"><subfield code="t">Bethel Island beacon-Oakley gazette</subfield><subfield code="w">(DLC)sn 96061854</subfield></datafield></record>